<record><leader>00000cas a2200000 a 4500</leader><controlfield tag="001">13882471</controlfield><controlfield tag="008">860717d19861987kyuwr ne      0    0eng d</controlfield><datafield ind1=" " ind2=" " tag="010"><subfield code="a">sn 86069304 </subfield></datafield><datafield ind1=" " ind2=" " tag="040"><subfield code="a">KNP</subfield><subfield code="b">eng</subfield><subfield code="c">KNP</subfield><subfield code="d">OCL</subfield><subfield code="d">OCLCQ</subfield></datafield><datafield ind1=" " ind2=" " tag="042"><subfield code="a">msc</subfield></datafield><datafield ind1="0" ind2=" " tag="130"><subfield code="a">Frontier news (Hardinsburg, Ky.)</subfield></datafield><datafield ind1="1" ind2="4" tag="245"><subfield code="a">The frontier news.</subfield></datafield><datafield ind1=" " ind2=" " tag="260"><subfield code="a">Hardinsburg, Ky. :</subfield><subfield code="b">Elaine Martin,</subfield><subfield code="c">1986-1987.</subfield></datafield><datafield ind1=" " ind2=" " tag="300"><subfield code="a">v. :</subfield><subfield code="b">ill.</subfield></datafield><datafield ind1=" " ind2=" " tag="310"><subfield code="a">Weekly</subfield></datafield><datafield ind1="0" ind2=" " tag="362"><subfield code="a">Vol. 1, no. 1 (Apr. 23, 1986)-v. 1, no. 34 (Aug. 26, 1987).</subfield></datafield><datafield ind1=" " ind2="4" tag="651"><subfield code="a">Breckinridge County (Ky.)</subfield><subfield code="v">Newspapers.</subfield></datafield><datafield ind1=" " ind2="4" tag="651"><subfield code="a">Hardinsburg (Ky.)</subfield><subfield code="v">Newspapers.</subfield></datafield><datafield ind1=" " ind2=" " tag="752"><subfield code="a">United States</subfield><subfield code="b">Kentucky</subfield><subfield code="c">Breckinridge</subfield><subfield code="d">Hardinsburg.</subfield></datafield><datafield ind1="1" ind2=" " tag="029"><subfield code="a">AU@</subfield><subfield code="b">000022176472</subfield></datafield></record>